0000003112572505        00541662  CODABOX NV                KREDBEBB   00786304665 00000                                       2
12080BE60733066070770                  EUR0000000056251610011125BOGAERT SOFTWARE BV       KBC-Business PRO-rekening          080
2100010000FCEO48644 BKTUBBBECPG10000000000288000311253040200011136703420000000301201946342016831102518305DELHAIZE P03112508011 0
2200010000LANTINANTWERPEN 000000000028800000100000000EUR0000000                                                              1 0
2300010000                                                                        00000                                      0 0
2100010001FCEO48644 BKTUBBBECPG1000000000028800031125804021000                                                     03112508010 0
2100020000FHYB11251 BKTUBBBECPG10000000000189800311253040200011136703420000000301201946303764002112514455DELHAIZE P03112508011 0
2200020000LANTINANTWERPEN 000000000018980000100000000EUR0000000                                                              1 0
2300020000                                                                        00000                                      0 0
2100020001FHYB11251 BKTUBBBECPG1000000000018980031125804021000                                                     03112508010 0
2100030000FNNM00244 BHKDGLDTBLO1000000002185000031125101050000                                                     03112508001 0
2200030000                                                     1107201/2025-11-03 140010                                     0 0
8080BE60733066070770                  EUR0000000054018830031125                                                                0
9               000012000000002232780000000000000000
